@ARTICLE{7506134, 
author={W. Ouyang and X. Zeng and X. Wang and S. Qiu and P. Luo and Y. Tian and H. Li and S. Yang and Z. Wang and H. Li and K. Wang and J. Yan and C. C. Loy and X. Tang}, 
journal={IEEE Transactions on Pattern Analysis and Machine Intelligence}, 
title={DeepID-Net: Object Detection with Deformable Part Based Convolutional Neural Networks}, 
year={2017}, 
volume={39}, 
number={7}, 
pages={1320-1334}, 
keywords={Context modeling;Deformable models;Machine learning;Neural networks;Object detection;Training;Visualization;CNN;convolutional neural networks;deep learning;deep model;object detection}, 
doi={10.1109/TPAMI.2016.2587642}, 
ISSN={0162-8828}, 
month={7},}

@article{Diba2017WeaklySC,
  title={Weakly Supervised Cascaded Convolutional Networks},
  author={Ali Diba and Vivek Sharma and Ali Mohammad Pazandeh and Hamed Pirsiavash and Luc Van Gool},
  journal={2017 IEEE Conference on Computer Vision and Pattern Recognition (CVPR)},
  year={2017},
  pages={5131-5139}
}

@article {Schofield20180027,
	author = {Schofield, Andrew J. and Gilchrist, Iain D. and Bloj, Marina and Leonardis, Ales and Bellotto, Nicola},
	title = {Understanding images in biological and computer vision},
	volume = {8},
	number = {4},
	year = {2018},
	doi = {10.1098/rsfs.2018.0027},
	publisher = {Royal Society},
	issn = {2042-8898},
	URL = {http://rsfs.royalsocietypublishing.org/content/8/4/20180027},
	eprint = {http://rsfs.royalsocietypublishing.org/content/8/4/20180027.full.pdf},
	journal = {Interface Focus}
}

@techreport {cifar10,
    author = {Alex Krizhevsky},
    title = {Learning Multiple Layers of Features from Tiny Images},
    year = {2009}
}

@article {univ-approx-1,
    author = {George Cybenko},
    title = {Approximation by superpositions of a sigmoidal function},
    year = {1989},
    journal = {Mathematics of Control, Signals and Systems},
    doi = {https://doi.org/10.1007/BF02551274},
    volume = {2},
    number = {4},
    pages = {303-314},
    month = {12}
}

@article{univ-approx-2,
title = "Approximation capabilities of multilayer feedforward networks",
journal = "Neural Networks",
volume = "4",
number = "2",
pages = "251 - 257",
year = "1991",
issn = "0893-6080",
doi = "https://doi.org/10.1016/0893-6080(91)90009-T",
url = "http://www.sciencedirect.com/science/article/pii/089360809190009T",
author = "Kurt Hornik",
keywords = "Multilayer feedforward networks, Activation function, Universal approximation capabilities, Input environment measure, () approximation, Uniform approximation, Sobolev spaces, Smooth approximation"
}